@article{staples1999self,
  title={A self-efficacy theory explanation for the management of remote workers in virtual organizations},
  author={Staples, D Sandy and Hulland, John S and Higgins, Christopher A},
  journal={Organization Science},
  volume={10},
  number={6},
  pages={758--776},
  year={1999},
  publisher={INFORMS}
}